@article{Madani,
  author    = {A. Madani and R. Yusof},
  title     = {Traffic sign recognition based on color, shape, and pictogram classification using support vector machines},
  journal   = {Neural Computing and Applications},
  volume    = {30},
  pages     = {2807-2817},
  year      = {2018},
  doi       = {10.1007/s00521-017-2887-x}
}

@inproceedings{soni2019improving,
  author    = {Deepali Soni and Rahul Kumar Chaurasiya and Sneha Agrawal},
  title     = {Improving the Classification Accuracy of Accurate Traffic Sign Detection and Recognition System Using HOG and LBP Features and PCA-Based Dimension Reduction},
  booktitle = {Proceedings of International Conference on Sustainable Computing in Science, Technology and Management (SUSCOM)},
  year      = {2019}
}

@inproceedings{Namyang,
  author={Namyang, Nattapol and Phimoltares, Suphakant},
  booktitle={2020 - 5th International Conference on Information Technology (InCIT)}, 
  title={Thai Traffic Sign Classification and Recognition System Based on Histogram of Gradients, Color Layout Descriptor, and Normalized Correlation Coefficient}, 
  year={2020},
  pages={270-275},
  doi={10.1109/InCIT50588.2020.9310778}
}

@inproceedings{citation-key,
    author = ,
    title = ,
    booktitle = ,
    year = 
}

@inproceedings{kerim,
  author={Kerim, Abdulrahman and Efe, Mehmet Ã–nder},
  booktitle={2021 International Conference on Artificial Intelligence in Information and Communication (ICAIIC)}, 
  title={Recognition of Traffic Signs with Artificial Neural Networks: A Novel Dataset and Algorithm}, 
  year={2021},
  pages={171-176},
  doi={10.1109/ICAIIC51459.2021.9415238}
}


@article{li,
  author    = {Wei Li and Haiyu Song and Pengjie Wang},
  title     = {Finely Crafted Features for Traffic Sign Recognition},
  journal   = {International Journal of Circuits, Systems and Signal Processing},
  volume    = {16},
  year      = {2022},
  doi       = {10.46300/9106.2022.16.20}
}
