@article{Madani,
  author    = {A. Madani and R. Yusof},
  title     = {Traffic sign recognition based on color, shape, and pictogram classification using support vector machines},
  journal   = {Neural Computing and Applications},
  volume    = {30},
  pages     = {2807-2817},
  year      = {2018},
  doi       = {10.1007/s00521-017-2887-x}
}

@inproceedings{soni2019improving,
  author    = {Deepali Soni and Rahul Kumar Chaurasiya and Sneha Agrawal},
  title     = {Improving the Classification Accuracy of Accurate Traffic Sign Detection and Recognition System Using HOG and LBP Features and PCA-Based Dimension Reduction},
  booktitle = {Proceedings of International Conference on Sustainable Computing in Science, Technology and Management (SUSCOM)},
  year      = {2019}
}

@inproceedings{Namyang,
  author={Namyang, Nattapol and Phimoltares, Suphakant},
  booktitle={2020 - 5th International Conference on Information Technology (InCIT)}, 
  title={Thai Traffic Sign Classification and Recognition System Based on Histogram of Gradients, Color Layout Descriptor, and Normalized Correlation Coefficient}, 
  year={2020},
  pages={270-275},
  doi={10.1109/InCIT50588.2020.9310778}
}

@inproceedings{citation-key,
    author = ,
    title = ,
    booktitle = ,
    year = 
}

@inproceedings{kerim,
  author={Kerim, Abdulrahman and Efe, Mehmet Ã–nder},
  booktitle={2021 International Conference on Artificial Intelligence in Information and Communication (ICAIIC)}, 
  title={Recognition of Traffic Signs with Artificial Neural Networks: A Novel Dataset and Algorithm}, 
  year={2021},
  pages={171-176},
  doi={10.1109/ICAIIC51459.2021.9415238}
}


@article{li,
  author    = {Wei Li and Haiyu Song and Pengjie Wang},
  title     = {Finely Crafted Features for Traffic Sign Recognition},
  journal   = {International Journal of Circuits, Systems and Signal Processing},
  volume    = {16},
  year      = {2022},
  doi       = {10.46300/9106.2022.16.20}
}

@misc{stallkamp2011gtsrb,
  author       = {Johannes Stallkamp and Marc Schlipsing and Jan Salmen and Christian Igel},
  title        = {German Traffic Sign Recognition Benchmark (GTSRB)},
  howpublished = {\url{http://benchmark.ini.rub.de/}},
  year         = {2011},
  note         = {Accessed: 2024-10-04}
}


@inproceedings{sug2018performance,
  author       = {Hyontai SUG},
  title        = {Performance of Machine Learning Algorithms and Diversity in Data},
  booktitle    = {MATEC Web of Conferences},
  volume       = {210},
  year         = {2018},
  article      = {04019},
  doi          = {10.1051/matecconf/201821004019},
  publisher    = {EDP Sciences}
}

@misc{obviouslyai_datacleaning,
  author       = {Obviously AI},
  title        = {Data Cleaning in Machine Learning},
  howpublished = {\url{https://www.obviously.ai/post/data-cleaning-in-machine-learning}},
    year         = {2022},
  month        = {January},
  note         = {Accessed: 2024-10-04}
}

@misc{datacamp_dataaugmentation,
  author       = {DataCamp},
  title        = {A Complete Guide to Data Augmentation},
  howpublished = {\url{https://www.datacamp.com/tutorial/complete-guide-data-augmentation}},
  year         = {2022},
  month        = {November},
  note         = {Accessed: 2024-10-04}
}

@misc{datacamp_normalization,
  author       = {DataCamp},
  title        = {What is Normalization in Machine Learning? A Comprehensive Guide to Data Rescaling},
  howpublished = {\url{https://www.datacamp.com/tutorial/normalization-in-machine-learning}},
  year         = {2024},
  month        = {January},
  note         = {Accessed: 2024-10-04}
}

@misc{baheti2021_train_validation_test_split,
  author       = {Pragati Baheti},
  title        = {Train Test Validation Split: How To \& Best Practices},
  howpublished = {\url{https://www.v7labs.com/blog/train-validation-test-set}},
  year         = {2021},
  month        = {September},
  note         = {Accessed: 2024-10-04},
}


