}@article{yue2003svm,
  title={SVM classification: Its contents and challenges},
  author={Yue, Shihong and Li, Ping and Hao, Peiyi},
  journal={Applied Mathematics-A Journal of Chinese Universities},
  volume={18},
  pages={332--342},
  year={2003},
  publisher={Springer}
}